<collection xmlns="http://www.loc.gov/MARC21/slim">
<record>
  <leader>01630nam0a2200277 i 450 </leader>
  <controlfield tag="001">IT\ICCU\CNCE\019358</controlfield>
  <controlfield tag="005">20071107000000.0</controlfield>
  <datafield tag="012" ind1=" " ind2=" ">
    <subfield code="a">emi- a.us *:a- auTa (3) 1520 (R)</subfield>
    <subfield code="2">fei</subfield>
  </datafield>
  <datafield tag="100" ind1=" " ind2=" ">
    <subfield code="a">19970101d1520        0itac0103    ba</subfield>
  </datafield>
  <datafield tag="101" ind1=" " ind2=" ">
    <subfield code="a">LAT</subfield>
  </datafield>
  <datafield tag="102" ind1=" " ind2=" ">
    <subfield code="a">IT</subfield>
  </datafield>
  <datafield tag="200" ind1="1" ind2=" ">
    <subfield code="a">℗Merlini Cocai poetae Mantuani ℗Macaronices libri XVII post omnes impressiones, vbique locorum excussas, nouissime recogniti, omnibusque mendis expurgati. Adiectis insuper quampluribus pene uiuis imaginibus materiae librorum aptissimis, &amp; congruis locis insertis, &amp; alia multa, quae in aliis hactenus impressionibus non reperies</subfield>
  </datafield>
  <datafield tag="210" ind1=" " ind2=" ">
    <subfield code="a">\Milano!</subfield>
    <subfield code="c">venunduntur apud Lignanum ad signum Angeli</subfield>
    <subfield code="e">Impressum Mediolani</subfield>
    <subfield code="g">per Augustinum de Vicomercato</subfield>
    <subfield code="g">impensis Ioannis Iacobi &amp; fratribus de Legnano</subfield>
    <subfield code="h">1520 die XVII mensis Nouembris</subfield>
  </datafield>
  <datafield tag="215" ind1=" " ind2=" ">
    <subfield code="a">CXXIII, \1! c.</subfield>
    <subfield code="c">ill.</subfield>
    <subfield code="d">8ʻ</subfield>
  </datafield>
  <datafield tag="620" ind1=" " ind2=" ">
    <subfield code="a">IT</subfield>
    <subfield code="d">Milano</subfield>
  </datafield>
  <datafield tag="700" ind1=" " ind2="1">
    <subfield code="a">Folengo,</subfield>
    <subfield code="b">Teofilo</subfield>
    <subfield code="3">IT\ICCU\CNCA\005170</subfield>
  </datafield>
  <datafield tag="712" ind1="0" ind2="0">
    <subfield code="a">Da_Legnano, Giovanni Giacomo &amp; fratelli</subfield>
    <subfield code="3">IT\ICCU\CNCT\001554</subfield>
    <subfield code="4">650</subfield>
  </datafield>
  <datafield tag="712" ind1="0" ind2="2">
    <subfield code="a">Agostino da Vimercate</subfield>
    <subfield code="3">IT\ICCU\CNCT\000877</subfield>
    <subfield code="4">650</subfield>
  </datafield>
  <datafield tag="790" ind1=" " ind2="0">
    <subfield code="a">Merlinus Cocaius Acquarius Lodola</subfield>
    <subfield code="3">IT\ICCU\CNCA\005461</subfield>
    <subfield code="z">Folengo, Teofilo</subfield>
  </datafield>
  <datafield tag="790" ind1=" " ind2="0">
    <subfield code="a">Limerno Pitocco</subfield>
    <subfield code="3">IT\ICCU\CNCA\005462</subfield>
    <subfield code="z">Folengo, Teofilo</subfield>
  </datafield>
  <datafield tag="790" ind1=" " ind2="1">
    <subfield code="a">Cocai,</subfield>
    <subfield code="b">Merlin</subfield>
    <subfield code="3">IT\ICCU\CNCA\008259</subfield>
    <subfield code="z">Folengo, Teofilo</subfield>
  </datafield>
  <datafield tag="790" ind1=" " ind2="1">
    <subfield code="a">Lodola,</subfield>
    <subfield code="b">Acquarius</subfield>
    <subfield code="3">IT\ICCU\CNCA\014560</subfield>
    <subfield code="z">Folengo, Teofilo</subfield>
  </datafield>
  <datafield tag="791" ind1="0" ind2="0">
    <subfield code="a">Vimercate, Agostino da</subfield>
    <subfield code="3">IT\ICCU\CNCT\002967</subfield>
    <subfield code="z">Agostino da Vimercate</subfield>
  </datafield>
  <datafield tag="791" ind1="0" ind2="0">
    <subfield code="a">Vicomercato, Augustinus de</subfield>
    <subfield code="3">IT\ICCU\CNCT\003616</subfield>
    <subfield code="z">Agostino da Vimercate</subfield>
  </datafield>
  <datafield tag="801" ind1=" " ind2="3">
    <subfield code="a">IT</subfield>
    <subfield code="b">ICCU</subfield>
    <subfield code="c">20201114</subfield>
  </datafield>
  <datafield tag="899" ind1=" " ind2=" ">
    <subfield code="a">Biblioteca nazionale centrale. Firenze</subfield>
    <subfield code="1">FI0098</subfield>
    <subfield code="2">CFI CF</subfield>
  </datafield>
</record>
</collection>
